@misc{Fiber,
title = "{Fiber MiniApp Suite}",
howpublished = {\url{http://fiber-miniapp.github.io/}}
}
@misc{ApliFS,
author = "{将来のHPCIシステムのあり方の調査研究「アプリケーション分野」}",
howpublished ={\url{http://hpci-aplfs.aics.riken.jp/}}
}
@misc{Roadmap_2014,
title = "計算科学ロードマップ",
howpublished = {\url{http://hpci-aplfs.aics.riken.jp/document.html}},
year = "2014"
}
@article{komura2014,
   author	 = "小村幸浩 and 鈴木惣一朗 and 三上和徳 and 滝澤真一朗 and 松田元彦 and 丸山直也",
   title	 = "Fiberミニアプリの性能評価",
   year 	 = "2014",
   institution	 = "理化学研究所計算科学研究機構, 理化学研究所計算科学研究機構, 理化学研究所計算科学研究機構, 理化学研究所計算科学研究機構, 理化学研究所計算科学研究機構, 理化学研究所計算科学研究機構",
   number	 = "28",
   month	 = "jul"
}
@article{CCS-QCD_boku2012,
  title={Multi-block/multi-core SSOR preconditioner for the QCD quark solver for K computer},
  author={Boku, T and Ishikawa, K-I and Kuramashi, Y and Minami, K and Nakamura, Y and Shoji, F and Takahashi, D and Terai, M and Ukawa, A and Yoshie, T},
  journal={arXiv preprint arXiv:1210.7398},
  year={2012}
}
@article{CCS-QCD_terai2013,
  title={スーパーコンピュータ 「京」 における格子 QCD の単体性能チューニング},
  author={寺井優晃 and 石川健一 and 杉崎由典 and 南一生 and 庄司文由 and 中村宜
文 and 藏増嘉伸 and 横川三津夫},
  journal={情報処理学会論文誌. コンピューティングシステム},
  volume={6},
  number={3},
  pages={43--57},
  year={2013},
  publisher={情報処理学会}
}
@article{FFVC_ono2014,
title = "Data Centric Framework for Large-scale High-performance Parallel Computation ",
journal = "Procedia Computer Science ",
volume = 29,
number = 0,
pages = "2336 - 2350",
year = 2014,
issn = "1877-0509",
author = "Kenji Ono and Yasuhiro Kawashima and Tomohiro Kawanabe",
}
@article{NICAM_satoh2008,
  title={Nonhydrostatic icosahedral atmospheric model (NICAM) for global cloud resolving simulations},
  author={Satoh, Masaki and Matsuno, Taro and Tomita, Hirofumi and Miura, Hiroaki and Nasuno, Tomoe and Iga, Shin-ichi},
  journal={Journal of Computational Physics},
  volume={227},
  number={7},
  pages={3486--3514},
  year={2008},
  publisher={Elsevier}
}
@misc{NICAM-DC_url,
howpublished = {\url{http://scale.aics.riken.jp/nicamdc/}},
title = {{NICAM-DC}},
url = {http://scale.aics.riken.jp/nicamdc/}
}
@misc{mVMC_url,
howpublished = {\url{https://github.com/issp-center-dev/mVMC}},
title = {{mVMC}},
url = {https://github.com/issp-center-dev/mVMC}
}
@article{mVMC_tahara2008,
  title={Variational Monte Carlo Method Combined with Quantum-Number Projection and Multi-Variable Optimization},
  author={Tahara, Daisuke and Imada, Masatoshi},
  journal={Journal of the Physical Society of Japan},
  volume={77},
  number={11},
  pages = {114701},
  year={2008},
  publisher={The Physical Society of Japan}
}
@misc{NGSA_url,
howpublished = {\url{http://www.csrp.riken.jp/application_d_e.html#D2}},
author = {{NGS Analyzer}},
url = {http://www.csrp.riken.jp/application_d_e.html#D2}
}
@misc{Modylas_url,
howpublished = {\url{http://www.modylas.org}},
author = {{MODYLAS}},
url = {http://www.modylas.org}
}
@article{Modylas_andoh2013,
  title={MODYLAS: A Highly Parallelized General-Purpose Molecular Dynamics Simulation Program for Large-Scale Systems with Long-Range Forces Calculated by Fast Multipole Method (FMM) and Highly Scalable Fine-Grained New Parallel Processing Algorithms},
  author={Andoh, Yoshimichi and Yoshii, Noriyuki and Fujimoto, Kazushi and Mizutani, Keisuke and Kojima, Hidekazu and Yamada, Atsushi and Okazaki, Susumu and Kawaguchi, Kazutomo and Nagao, Hidemi and Iwahashi, Kensuke and others},
  journal={Journal of Chemical Theory and Computation},
  volume={9},
  number={7},
  pages={3201--3209},
  year={2013},
  publisher={ACS Publications}
}
@misc{NTChem_url,
howpublished = {\url{http://labs.aics.riken.jp/nakajimat_top/ntchem_e.html}},
author = {{NTChem}},
url = {http://labs.aics.riken.jp/nakajimat_top/ntchem_e.html}
}
@article{NTChem_katouda2013,
author = {Katouda, Michio and Nakajima, Takahito},
title = "{MPI}/{O}pen{MP} Hybrid Parallel Algorithm of Resolution of Identity Second-Order {M}{\o}ller-{P}lesset Perturbation Calculation for Massively Parallel Multicore Supercomputers",
journal = {Journal of Chemical Theory and Computation},
volume = {9},
number = {12},
pages = {5373-5380},
year = {2013},
}
@inproceedings{FFB_minami2012,
   author	 = "南一生 and 井上俊介 and 堤重信 and 前田拓人 and 長谷川幸弘 and 黒田明義 and 寺井優晃 and 横川三津夫",
   title	 = "「京」コンピュータにおける疎行列とベクトル積の性能チューニングと性能評価",
   booktitle	 = "ハイパフォーマンスコンピューティングと計算科学シンポジウム論文集",
   year 	 = "2012",
   volume	 = "2012",
   number	 = "",
   pages	 = "23--31",
   month	 = "jan"
}
@article{FFB_kumahata2013,
   author	 = "熊畑清 and 井上俊介 and 南一生",
   title	 = "FrontFlow/blueの勾配計算カーネルのスーパーコンピュータ「京」上でのチューニング",
   journal	 = "情報処理学会論文誌コンピューティングシステム（ACS）",
   year 	 = "2013",
   volume	 = "6",
   number	 = "3",
   pages	 = "31--42",
   month	 = "sep"
}
@misc{CORAL-benchmarks,
title = "{CORAL benchmark codes}",
howpublished = {\url{https://asc.llnl.gov/CORAL-benchmarks/}}
}
@conference{CORAL-slides,
   author	 = "Argonne-Livermore-OakRidge National Laboratories",
   title	 = "CORAL Procurement Benchmarks",
   booktitle	 = "May 31 CORAL vendor meeting",
   year 	 = "2013",
   number	 = "",
   pages	 = "1--15",
   month	 = "Sep"
}
@misc{MANTEVO-project,
title = "MANTEVOプロジェクト",
howpublished = {\url{https://mantevo.org/}}
}
@misc{MANTEVO-Reps,
title = "Workshop on Representative Applications 2015",
howpublished = {\url{http://hepcce.org/files/2015/10/HerouxWRApKeynote.pdf}}
}
@misc{EXA2CT,
title = "{The EXA2CT European Project}",
howpublished = {\url{http://www.exa2ct.eu/content/proto-apps.html}}
}
